@inproceedings{wikipedia,
  title={Using Wikipedia for Automatic Word Sense Disambiguation.},
  author={Mihalcea, Rada},
  booktitle={HLT-NAACL},
  pages={196--203},
  year={2007}
}

@inproceedings{features,
  title={Integrating multiple knowledge sources to disambiguate word sense: An exemplar-based approach},
  author={Ng, Hwee Tou and Lee, Hian Beng},
  booktitle={Proceedings of the 34th annual meeting on Association for Computational Linguistics},
  pages={40--47},
  year={1996},
  organization={Association for Computational Linguistics}
}
